
@Article{Hansen2013,
  author        = {M. C. Hansen and P. V. Potapov and R. Moore and M. Hancher and S. A. Turubanova and A. Tyukavina and D. Thau and S. V. Stehman and S. J. Goetz and T. R. Loveland and A. Kommareddy and A. Egorov and L. Chini and C. O. Justice and J. R. G. Townshend},
  title         = {{H}igh-{R}esolution {G}lobal {M}aps of 21st-{C}entury {F}orest {C}over {C}hange},
  journal       = {Science},
  year          = {2013},
  volume        = {342},
  number        = {6160},
  pages         = {850--853},
  month         = nov,
  __markedentry = {[tobi:1]},
  doi           = {10.1126/science.1244693},
  file          = {:850.full.pdf:PDF},
  keywords      = {rank5},
  publisher     = {American Association for the Advancement of Science ({AAAS})},
}

@Manual{Chen2014,
  title         = {30-meter {G}lobal {L}and {C}over {D}ataset - {P}roduct {D}escription},
  author        = {Jun Chen and Jin Chen and Anping Liao and Xin Cao and Lijun Chen and Xuehong Chen and Chaoying He and Gang Han and Shu Peng and Miao Lu and Weiwei Zhang and Xiaohua Tong and Jon Mills},
  organization  = {National Geomatics Center of China},
  month         = may,
  year          = {2014},
  __markedentry = {[tobi:1]},
  file          = {:GlobeLand30_Product_Discription.pdf:PDF},
  keywords      = {rank5},
  owner         = {tobi},
  timestamp     = {2017.05.24},
}

@Article{Hansen2013a,
  author        = {M. C. Hansen and P. V. Potapov and R. Moore and M. Hancher and S. A. Turubanova and A. Tyukavina and D. Thau and S. V. Stehman and S. J. Goetz and T. R. Loveland and A. Kommareddy and A. Egorov and L. Chini and C. O. Justice and J. R. G. Townshend},
  title         = {Supplementary {M}aterials for: {H}igh-{R}esolution {G}lobal {M}aps of 21st-{C}entury {F}orest {C}over {C}hange},
  journal       = {Sciene},
  year          = {2013},
  volume        = {342},
  number        = {6160},
  pages         = {1--32},
  month         = nov,
  __markedentry = {[tobi:1]},
  doi           = {10.1126/science.1244693},
  file          = {:Hansen.SM.pdf:PDF},
  keywords      = {rank5},
  owner         = {tobi},
  timestamp     = {2017.06.14},
  url           = {http://science.sciencemag.org/content/suppl/2013/11/14/342.6160.850.DC1},
}

@Article{Diogo2016,
  author        = {Diogo, V. and Koomen, E.},
  title         = {{L}and {C}over and {L}and {U}se {I}ndicators: {R}eview of {A}vailable {D}ata},
  journal       = {OECD Green Growth Papers},
  year          = {2016},
  number        = {2016/03},
  __markedentry = {[tobi:1]},
  file          = {:5jlr2z86r5xw-en.pdf:PDF},
  keywords      = {rank5},
}

@Article{Chen2015,
  author        = {Jun Chen and Jin Chen and Anping Liao and Xin Cao and Lijun Chen and Xuehong Chen and Chaoying He and Gang Han and Shu Peng and Miao Lu and Weiwei Zhang and Xiaohua Tong and Jon Mills},
  title         = {Global land cover mapping at 30 m resolution: {A} {POK}-based operational approach},
  journal       = {ISPRS Journal of Photogrammetry and Remote Sensing},
  year          = {2015},
  number        = {103},
  pages         = {7--27},
  __markedentry = {[tobi:1]},
  doi           = {10.1016/j.isprsjprs.2014.09.002},
  file          = {:1-s2.0-S0924271614002275-main.pdf:PDF},
  keywords      = {rank5},
  owner         = {tobi},
  timestamp     = {2017.06.15},
}

@Article{Arsanjani2016,
  author        = {Jamal Jokar Arsanjani and Amin Tayyebi and Eric Vaz},
  title         = {{G}lobe{L}and30 as an alternative fine-scale global land cover map: {C}hallenges, possibilities, and implications for developing countries},
  journal       = {Habitat International xxx},
  year          = {2016},
  pages         = {1--7},
  __markedentry = {[tobi:1]},
  file          = {:10.1016@j.habitatint.2016.02.003.pdf:PDF},
  keywords      = {rank5},
  url           = {http://dx.doi.org/10.1016/j.habitatint.2016.02.003},
}

@Article{Xiao-yu2017,
  author        = {Chen Xiao-yu and Lin Ya and Zhang Min and Yu Le and Li Hao-chuan and Bai Yu-qi},
  title         = {Assessment of the cropland classifications in four global land cover datasets: {A} case study of {S}haanxi {P}rovince, {C}hina},
  journal       = {Journal of Integrative Agriculture},
  year          = {2017},
  volume        = {16},
  number        = {2},
  pages         = {298--311},
  __markedentry = {[tobi:1]},
  doi           = {10.1016/S2095-3119(16)61442-9},
  file          = {:chen2017.pdf:PDF},
  keywords      = {rank5},
}

@Article{Tropek2014,
  author        = {Robert Tropek and Ond{\v{r}}ej Sedl{\'{a}}{\v{c}}ek and Jan Beck and Petr Keil and Zuzana Musilov{\'{a}} and Irena {\v{S}}{\'{i}}mov{\'{a}} and David Storch},
  title         = {Comment on {H}igh-resolution global maps of 21st-century forest cover change},
  journal       = {Science},
  year          = {2014},
  volume        = {344},
  number        = {981},
  __markedentry = {[tobi:1]},
  doi           = {10.1126/science.1248753},
  file          = {:tropek2014.pdf:PDF},
  keywords      = {rank5},
}

@Article{Bellot2014,
  author        = {Franz-Fabian Bellot and Mathias Bertram and Peter Navratilb and Florian Siegert and Helmut Dotzauer},
  title         = {The high-resolution global map of 21st-century forest cover change from the {U}niversity of {M}aryland ({H}ansen {M}ap) is hugely overestimating deforestation in {I}ndonesia},
  journal       = {FORCLIME Press release},
  year          = {2014},
  __markedentry = {[tobi:1]},
  file          = {:FORCLIME_Overestimation of Deforestation.pdf:PDF},
  keywords      = {rank5},
  url           = {http://www.forclime.org/documents/press_release/FORCLIME_Overestimation%20of%20Deforestation.pdf},
}

@Article{Grekousis2015,
  author        = {George Grekousis and Giorgos Mountrakis and Marinos Kavouras},
  title         = {An overview of 21 global and 43 regional land-cover mapping products},
  journal       = {International Journal of Remote Sensing},
  year          = {2015},
  month         = sep,
  __markedentry = {[tobi:1]},
  doi           = {10.1080/01431161.2015.1093195},
  file          = {:grekousis2015.pdf:PDF},
  keywords      = {rank5},
  owner         = {tobi},
  timestamp     = {2017.09.25},
  url           = {http://dx.doi.org/10.1080/01431161.2015.1093195},
}

@Article{Chen2017,
  author        = {Jun Chen and Xin Cao and Shu Peng and Huiru Ren},
  title         = {{A}nalysis and {A}pplications of {G}lobe{L}and30: {A} {R}eview},
  journal       = {International Journal of Geo-Information},
  year          = {2017},
  volume        = {6},
  number        = {230},
  month         = jul,
  __markedentry = {[tobi:1]},
  doi           = {10.3390/ijgi6080230},
  file          = {:ijgi-06-00230-v2.pdf:PDF},
  keywords      = {rank5},
  owner         = {tobi},
  timestamp     = {2017.09.25},
}
